<?xml version="1.0" encoding="UTF-8"?><collection xmlns="http://www.loc.gov/MARC21/slim"><record><leader>00356nam--2200133-i-4500</leader><controlfield tag="001">000015562</controlfield><controlfield tag="002">20161230</controlfield><controlfield tag="005">20161230201031</controlfield><controlfield tag="008">060222s1000------------r-----000-0-eng-d</controlfield><datafield ind1=" " ind2=" " tag="245"><subfield code="a">Systems on silicon</subfield></datafield><datafield ind1=" " ind2=" " tag="260"><subfield code="a">London, Peter Peregrinus, Ltd., 1984</subfield></datafield><datafield ind1=" " ind2=" " tag="490"><subfield code="a">Iee Digital Electronics And Computing Sereis</subfield></datafield><datafield ind1=" " ind2=" " tag="700"><subfield code="a">Denyer, P.B./S.A.</subfield></datafield><datafield ind1=" " ind2=" " tag="852"><subfield code="a">681.324</subfield></datafield></record></collection>